@article {Lod04,
    AUTHOR = {Loday, J.-L.},
     TITLE = {Realization of the {S}tasheff polytope},
   JOURNAL = {Arch. Math. (Basel)},
  FJOURNAL = {Archiv der Mathematik},
    VOLUME = {83},
      YEAR = {2004},
    NUMBER = {3},
     PAGES = {267--278},
      ISSN = {0003-889X},
   MRCLASS = {52B11 (55P47 55P48)},
  MRNUMBER = {2108555},
MRREVIEWER = {Richard John Steiner},
       DOI = {10.1007/s00013-004-1026-y},
       URL = {https://doi.org/10.1007/s00013-004-1026-y},
}

@article{AVL62,
    author = {Adelson-Velsky, G.M. and Landis, E. M.},
    title = {{An algorithm for the organization of information}},
    journal = {Soviet Mathematics Doklady},
    pages = {1259--1263},
    volume = {3},
    year = {1962}
}

@book{Knu98,
    author = {Knuth, D.},
    title = {The art of computer programming, volume 3:
        Sorting and searching},
    publisher = {Addison Wesley Longman},
    year = {1998},
    pages = {xiv+780}
}

@article{Tam62,
    author = {Tamari, D.},
    title = {{The algebra of bracketings and their enumeration}},
    journal = {Nieuw Arch. Wisk.},
    year = {1962},
    volume = {10},
    number = {3},
    pages = {131--146}
}

@article {PS15,
    AUTHOR = {Pilaud, V. and Stump, C.},
     TITLE = {Brick polytopes of spherical subword complexes and
        generalized associahedra},
   JOURNAL = {Adv. Math.},
  FJOURNAL = {Advances in Mathematics},
    VOLUME = {276},
      YEAR = {2015},
     PAGES = {1--61},
      ISSN = {0001-8708},
   MRCLASS = {05E45 (05E15 05E30 20F55 52B12)},
  MRNUMBER = {3327085},
MRREVIEWER = {Jian-yi Shi},
       DOI = {10.1016/j.aim.2015.02.012},
       URL = {https://doi.org/10.1016/j.aim.2015.02.012},
}

@article {CP15,
    AUTHOR = {Ch\^atel, G. and Pons, V.},
     TITLE = {Counting smaller elements in the {T}amari and {$m$}-{T}amari
              lattices},
   JOURNAL = {J. Combin. Theory Ser. A},
  FJOURNAL = {Journal of Combinatorial Theory. Series A},
    VOLUME = {134},
      YEAR = {2015},
     PAGES = {58--97},
      ISSN = {0097-3165},
   MRCLASS = {06A07},
  MRNUMBER = {3345297},
MRREVIEWER = {Edward Early},
       DOI = {10.1016/j.jcta.2015.03.004},
       URL = {https://doi.org/10.1016/j.jcta.2015.03.004},
}

@article {HJV16,
    AUTHOR = {Han, G.-N. and Josuat-Verg\`es, M.},
     TITLE = {Flag statistics from the {E}hrhart {$h^*$}-polynomial of
              multi-hypersimplices},
   JOURNAL = {Electron. J. Combin.},
  FJOURNAL = {Electronic Journal of Combinatorics},
    VOLUME = {23},
      YEAR = {2016},
    NUMBER = {1},
     PAGES = {Paper 1.55, 20},
      ISSN = {1077-8926},
   MRCLASS = {05E45 (05E05)},
  MRNUMBER = {3484760},
MRREVIEWER = {Samuel Francis Hopkins},
}

@article {Gir12,
    AUTHOR = {Giraudo, S.},
     TITLE = {Intervals of balanced binary trees in the {T}amari lattice},
   JOURNAL = {Theoret. Comput. Sci.},
  FJOURNAL = {Theoretical Computer Science},
    VOLUME = {420},
      YEAR = {2012},
     PAGES = {1--27},
      ISSN = {0304-3975},
   MRCLASS = {68P10 (05C05 06A07 68P05 68Q42)},
  MRNUMBER = {2887627},
MRREVIEWER = {V\'aclav Koubek},
       DOI = {10.1016/j.tcs.2011.11.020},
       URL = {https://doi.org/10.1016/j.tcs.2011.11.020},
}

@incollection {Bor15,
    AUTHOR = {Borie, N.},
     TITLE = {Effective invariant theory of permutation groups using
              representation theory},
 BOOKTITLE = {Algebraic informatics},
    SERIES = {Lecture Notes in Comput. Sci.},
    VOLUME = {9270},
     PAGES = {58--69},
 PUBLISHER = {Springer, Cham},
      YEAR = {2015},
   MRCLASS = {13A50 (05E10 20C30 68W30 94B12)},
  MRNUMBER = {3448031},
MRREVIEWER = {Thomas Garrity},
       DOI = {10.1007/978-3-319-23021-4_6},
       URL = {https://doi.org/10.1007/978-3-319-23021-4_6},
}
